<?xml version="1.0" encoding="UTF-8"?><collection xmlns="http://www.loc.gov/MARC21/slim"><record><leader>00615nam--2200193-i-4500</leader><controlfield tag="001">000012028</controlfield><controlfield tag="002">20161230</controlfield><controlfield tag="005">20161230201029</controlfield><controlfield tag="008">060222s1000------------r-----000-0-rum-d</controlfield><datafield ind1=" " ind2=" " tag="040"><subfield code="a">IFIN-HH</subfield></datafield><datafield ind1=" " ind2=" " tag="041"><subfield code="a">rum</subfield></datafield><datafield ind1=" " ind2=" " tag="080"><subfield code="a">541.28(043)</subfield></datafield><datafield ind1="1" ind2=" " tag="100"><subfield code="a">Costea, Tudor</subfield></datafield><datafield ind1="1" ind2="0" tag="245"><subfield code="a">Reactivitatea chimica a atomilor rezultati din reactii nucleare in compusi anorganici cristalini</subfield><subfield code="b">Teza</subfield><subfield code="c">Tudor costea</subfield></datafield><datafield ind1=" " ind2=" " tag="260"><subfield code="a">Timisoara</subfield><subfield code="b">Facultatea De Chimie Industriala</subfield><subfield code="c">1966</subfield></datafield><datafield ind1=" " ind2=" " tag="300"><subfield code="a">129P</subfield></datafield><datafield ind1=" " ind2=" " tag="502"><subfield code="a">Conducator Stiintific: Acad.Prof.Dr.Docent Coriolan Dragulescu</subfield></datafield><datafield ind1=" " ind2=" " tag="852"><subfield code="a">44501</subfield><subfield code="c">H.H</subfield></datafield><datafield ind1=" " ind2=" " tag="CAT"><subfield code="a">Sys</subfield><subfield code="c">20130409</subfield><subfield code="h">172904</subfield></datafield></record></collection>